% This file was created with JabRef 2.10.
% Encoding: Cp1252


@Book{rama,
  title =      {Fourier Analysis on Number Fields},
   author =    {Ramakrishnan, Dinakar and Valenza, Robert J.},
   publisher = {Springer},
   isbn =      {9780387984360},
   year =      {1998},
   series =    {Graduate Texts in Mathematics },
   edition =   {1},
   volume =    {186},
}

@article{riemann1859ueber,
  title		=	{Über die Anzahl der Primzahlen unter einer gegebenen Größe},
  author	=	{Riemann, Bernhard},
  journal	=	{Ges. Math. Werke und Wissenschaftlicher Nachla{\ss}},
  volume	=	{2},
  pages		=	{145--155},
  year		=	{1859}
}
@collection{cassels1967algebraic,
   title 	= 	{Algebraic Number Theory},
   editor 	= 	{Cassels, J. W. S. and Fr{"o}hlich,  A.},
   publisher= 	{Academic Press},
   isbn 	=	{9780121632519},
   year 	= 	{2010},
   edition 	=	{2}
}

@book{edwards1974,
   title 	= 	{Riemann's Zeta function},
   author 	=	{Edwards, H. M.},
   publisher= 	{Academic Press},
   isbn 	= 	{9780486417400},
   year 	=	{1974},
   series 	=	{Pure and Applied Mathematics},
   edition 	=	{Dover Ed}
}

@book{deitmar2010,
   title =     {Automorphe Formen},
   author =    {Deitmar, Anton},
   publisher = {Springer-Verlag Berlin Heidelberg},
   isbn =      {9783642123894},
   year =      {2010},
   series =    {Springer-Lehrbuch Masterclass},
   edition =   {1}
}

@book{folland,
   title =     {Real Analysis: Modern Techniques and Their Applications},
   author =    {Gerald B. Folland},
   publisher = {Wiley-Interscience},
   isbn =      {9780471317166},
   year =      {1999},
   series =    {Pure and Applied Mathematics: A Wiley-Interscience Series of Texts, Monographs and Tracts},
   edition =   {2},
}

@book{gouv,
   title =     {p-adic Numbers: An Introduction},
   author =    {Fernando Quadros Gouvea},
   publisher = {Springer},
   isbn =      {9783540629115},
   year =      {1997},
   series =    {Universitext},
   edition =   {2},
}

@phdthesis{tate,
  author={John Tate},
  year= 1950, 
  title= {Fourier analysis in number fields, and Hecke's zeta-functions}, 
  school= {Princeton}, 
}

@book{neukirch,
   title =     {Algebraische Zahlentheorie},
   author =    {Jürgen Neukirch},
   publisher = {Springer},
   isbn =      {9783540375470},
   year =      {2006},
   series =    {Springer-Lehrbuch Masterclass},
   edition =   {1. Aufl. 1992. Nachdruck}
}

@online{taoblog,
	author = {Tao, Terence},
	title = {Tate’s proof of the functional equation},
	year = {2008},
	url = {https://terrytao.wordpress.com/2008/07/27/tates-proof-of-the-functional-equation/},
	urldate = {2017-09-01}
}
@book{taobook,
	author = {Tao, Terence},
	title = {Poincaré’s Legacies, Part I: pages from year two of a mathematical blog},
	publisher = {American Mathematical Society},
	isbn =      {978-0-8218-4883-8},
	year =      {2009}
}

@book{knightly,
   title =     {Traces of Hecke operators},
   author =    {Andrew Knightly and Charles Li},
   publisher = {American Mathematical Society},
   isbn =      {978-0-8218-3739-9},
   year =      {2006},
   series =    {Mathematical Surveys and Monographs 133},
}


