% This file was created with JabRef 2.10.
% Encoding: Cp1252


@Book{atteslander2010,
  Title                    = {{Methoden der empirischen Sozialforschung}},
  Author                   = {Peter Atteslander},
  Publisher                = {{Erich Schmidt Verlag}},
  Year                     = {2013},

  Owner                    = {ulzemark},
  Timestamp                = {2014.10.09}
}

